% 23727319 
@Article{reconstruction_practical, 
    title={Computer-assisted Surgical Planning for Cerebrovascular Neurosurgery}, 
    url={https://doi.org/10.1097/00006123-199708000-00013}, 
    journal={OUP Academic}, 
    publisher={Oxford Academic}, 
    author={Nakajima and Shin and Atsumi and Hideki and Bhalerao and Jolesz and A., Ferenc and Ron and Yoshimine and Toshiki and et al.},
    year={1997}, 
    month={Aug}}


@Article{reconstruction_mra,
   Author="Wright, S. N.  and Kochunov, P.  and Mut, F.  and Bergamino, M.  and Brown, K. M.  and Mazziotta, J. C.  and Toga, A. W.  and Cebral, J. R.  and Ascoli, G. A. ",
   Title="{{D}igital reconstruction and morphometric analysis of human brain arterial vasculature from magnetic resonance angiography}",
   Journal="Neuroimage",
   Year="2013",
   Volume="82",
   Pages="170--181",
   Month="Nov"
}

% 25977158 
@Article{reconstruction_probability,
   Author="Rempfler, M.  and Schneider, M.  and Ielacqua, G. D.  and Xiao, X.  and Stock, S. R.  and Klohs, J.  and Sz?kely, G.  and Andres, B.  and Menze, B. H. ",
   Title="{{R}econstructing cerebrovascular networks under local physiological constraints by integer programming}",
   Journal="Med Image Anal",
   Year="2015",
   Volume="25",
   Number="1",
   Pages="86--94",
   Month="Oct"
}

@article{segmentation_dl,
  author    = {Pedro Sanches and
               Cyril Meyer and
               Vincent Vigon and
               Beno{\^{\i}}t Naegel},
  title     = {Cerebrovascular Network Segmentation on {MRA} Images with Deep Learning},
  journal   = {CoRR},
  volume    = {abs/1812.01752},
  year      = {2018},
  url       = {http://arxiv.org/abs/1812.01752},
  archivePrefix = {arXiv},
  eprint    = {1812.01752},
  timestamp = {Tue, 01 Jan 2019 15:01:25 +0100},
  biburl    = {https://dblp.org/rec/journals/corr/abs-1812-01752.bib},
  bibsource = {dblp computer science bibliography, https://dblp.org}
}

% 21755061 
@Article{reconstruction_cost,
   Author="Jiang, Y.  and Zhuang, Z.  and Sinusas, A. J.  and Papademetris, X. ",
   Title="{{V}ascular {T}ree {R}econstruction by {M}inimizing {A} {P}hysiological {F}unctional {C}ost}",
   Journal="Conf Comput Vis Pattern Recognit Workshops",
   Year="2010",
   Pages="178--185",
   Month="Jun"
}

@Article{segmentation_compare,
author = {Deshpande, Aditi and Jamilpour, Nima and Jiang, Bin and Kidwell, Chelsea and Wintermark, Max and Laksari, Kaveh},
year = {2020},
month = {02},
pages = {},
title = {Automatic Segmentation, Feature Extraction and Comparison of Healthy and Stroke Cerebral Vasculature}
}

@Article{segmentation_all,
   Author="Lesage, D.  and Angelini, E. D.  and Bloch, I.  and Funka-Lea, G. ",
   Title="{{A} review of 3{D} vessel lumen segmentation techniques: models, features and extraction schemes}",
   Journal="Med Image Anal",
   Year="2009",
   Volume="13",
   Number="6",
   Pages="819--845",
   Month="Dec"
}

@ARTICLE{segmentation_retinal, author={P. {Liskowski} and K. {Krawiec}}, journal={IEEE Transactions on Medical Imaging}, title={Segmenting Retinal Blood Vessels With Deep Neural Networks}, year={2016}, volume={35}, number={11}, pages={2369-2380},}

@article{region_growing,
author = {Bouraoui, Bessem and Ronse, Christian and Baruthio, Joseph and Passat, Nicolas and Germain, Philippe},
year = {2007},
month = {01},
pages = {},
title = {Gray-level hit-or-miss transform based region-growing for automatic segmentation of 3D coronary arteries},
journal = {ISMM'07, Rio de Janeiro, Brazil}
}

@inproceedings{path_finding,
author = {Olabarriaga, Silvia and Breeuwer, Marcel and Niessen, W.J.},
year = {2003},
month = {11},
pages = {687-694},
title = {Minimum Cost Path Algorithm for Coronary Artery Central Axis Tracking in CT Images},
volume = {2879},
journal = {Lecture Notes in Computer Science},
doi = {10.1007/978-3-540-39903-2_84}
}

@inproceedings{morphology,
author = {Wilkinson, Michael and Westenberg, Michel},
year = {2002},
month = {11},
pages = {},
title = {Shape Preserving Filament Enhancement Filtering},
volume = {2208},
journal = {Lecture Notes in Computer Science},
doi = {10.1007/3-540-45468-3_92}
}

@inproceedings{3d-r2n2,
  title={3D-R2N2: A Unified Approach for Single and Multi-view 3D Object Reconstruction},
  author={Choy, Christopher B and Xu, Danfei and Gwak, JunYoung and Chen, Kevin and Savarese, Silvio},
  booktitle = {Proceedings of the European Conference on Computer Vision ({ECCV})},
  year={2016}
}

@article{deepmvs,
  author    = {Po{-}Han Huang and
               Kevin Matzen and
               Johannes Kopf and
               Narendra Ahuja and
               Jia{-}Bin Huang},
  title     = {DeepMVS: Learning Multi-view Stereopsis},
  journal   = {CoRR},
  volume    = {abs/1804.00650},
  year      = {2018},
  url       = {http://arxiv.org/abs/1804.00650},
  archivePrefix = {arXiv},
  eprint    = {1804.00650},
  timestamp = {Mon, 13 Aug 2018 16:48:17 +0200},
  biburl    = {https://dblp.org/rec/journals/corr/abs-1804-00650.bib},
  bibsource = {dblp computer science bibliography, https://dblp.org}
}

@article{3dvaegan,
  author    = {Jiajun Wu and
               Chengkai Zhang and
               Tianfan Xue and
               William T. Freeman and
               Joshua B. Tenenbaum},
  title     = {Learning a Probabilistic Latent Space of Object Shapes via 3D Generative-Adversarial
               Modeling},
  journal   = {CoRR},
  volume    = {abs/1610.07584},
  year      = {2016},
  url       = {http://arxiv.org/abs/1610.07584},
  archivePrefix = {arXiv},
  eprint    = {1610.07584},
  timestamp = {Mon, 13 Aug 2018 16:49:07 +0200},
  biburl    = {https://dblp.org/rec/journals/corr/0001ZXFT16.bib},
  bibsource = {dblp computer science bibliography, https://dblp.org}
}
